@article{r1,
author = {Murray, Joseph and Hall, Wyatte and Snoddon, Kristin},
year = {2020},
month = {03},
pages = {30},
title = {The Importance of Signed Languages for Deaf Children and Their Families},
volume = {73},
journal = {The Hearing Journal},
doi = {10.1097/01.HJ.0000657988.24659.f3}
}

